@MISC{ gitlab:cache,
	author = {"dsad"},
	ednote  = "Bowles Fluidics Corp.",
	title = {Configuration of your builds with .gitlab-ci.yml - GitLab Documentation},
	url = {https://docs.gitlab.com/ce/ci/yaml/\#cache},
	citedate = "2011/10/10",
}

